@article{hornsby1995resume,
  title={Resume content: What should be included and excluded},
  author={Hornsby, Jeffrey S and Smith, Brien N},
  journal={SAM Advanced Management Journal},
  volume={60},
  number={1},
  pages={4--10},
  year={1995},
  publisher={Society for the Advancement of Management}
}

@article{van2015difference,
  title={What a difference your e-mail makes: effects of informal e-mail addresses in online resume screening},
  author={Van Toorenburg, Marlies and Oostrom, Janneke K and Pollet, Thomas V},
  journal={Cyberpsychology, Behavior, and Social Networking},
  volume={18},
  number={3},
  pages={135--140},
  year={2015},
  publisher={Mary Ann Liebert, Inc. 140 Huguenot Street, 3rd Floor New Rochelle, NY 10801 USA}
}

@article{thoms1999resume,
  title={Resume characteristics as predictors of an invitation to interview},
  author={Thoms, Peg and McMasters, Rosemary and Roberts, Melissa R and Dombkowski, Douglas A},
  journal={Journal of Business and Psychology},
  volume={13},
  number={3},
  pages={339--356},
  year={1999},
  publisher={Springer}
}

@article{bhatt2016resume,
  title={Resume summarization and social media mining for shortlisting eligible candidates},
  author={Bhatt, Himani},
  year={2016},
  publisher={Ahmedabad University, Ahmedabad.}
}

@article{sinha2021resume,
  title={Resume Screening Using Natural Language Processing and Machine Learning: A Systematic Review},
  author={Sinha, Arvind Kumar and Akhtar, Amir Khusru and Kumar, Ashwani and others},
  journal={Machine Learning and Information Processing},
  pages={207--214},
  year={2021},
  publisher={Springer}
}

@article{kumar2020novel,
  title={A novel job portal with resume evaluation system based on text mining and NLP techniques},
  author={Kumar, S Ganesh and Jain, Ritvik and Chauhan, Ashish Singh},
  journal={Journal of Critical Reviews},
  volume={7},
  number={8},
  year={2020}
}

@inproceedings{gharehchopogh2011analysis,
  title={Analysis and evaluation of unstructured data: text mining versus natural language processing},
  author={Gharehchopogh, Farhad Soleimanian and Khalifelu, Zeinab Abbasi},
  booktitle={2011 5th International Conference on Application of Information and Communication Technologies (AICT)},
  pages={1--4},
  year={2011},
  organization={IEEE}
}

@article{boulton2006analysis,
  title={Analysis of unstructured data},
  author={Boulton, David and Hammersley, Martyn},
  journal={Data collection and analysis},
  volume={2},
  pages={243--259},
  year={2006},
  publisher={Sage London}
}

  @misc{ enwiki:1077284794,
    author = "{Wikipedia contributors}",
    title = "Unstructured data --- {Wikipedia}{,} The Free Encyclopedia",
    year = "2022",
    url = "https://en.wikipedia.org/w/index.php?title=Unstructured_data&oldid=1077284794",
    note = "[Online; accessed 22-April-2022]"
  }
  
  @article{chandola2015online,
  title={Online resume parsing system using text analytics},
  author={Chandola, Divyanshu and Garg, Aditya and Maurya, Ankit and Kushwaha, Amit},
  journal={J. Multi Disciplinary Eng. Technol.},
  volume={9},
  number={1},
  pages={1--5},
  year={2015}
}

@article{hirschberg2015advances,
  title={Advances in natural language processing},
  author={Hirschberg, Julia and Manning, Christopher D},
  journal={Science},
  volume={349},
  number={6245},
  pages={261--266},
  year={2015},
  publisher={American Association for the Advancement of Science}
}

@inproceedings{alamelu2021resume,
  title={Resume Validation and Filtration using Natural Language Processing},
  author={Alamelu, M and Kumar, D Sathish and Sanjana, R and Sree, J Subha and Devi, A Sangeerani and Kavitha, D},
  booktitle={2021 10th International Conference on Internet of Everything, Microwave Engineering, Communication and Networks (IEMECON)},
  pages={1--5},
  year={2021},
  organization={IEEE}
}

@inproceedings{kopparapu2010automatic,
  title={Automatic extraction of usable information from unstructured resumes to aid search},
  author={Kopparapu, Sunil Kumar},
  booktitle={2010 IEEE International Conference on Progress in Informatics and Computing},
  volume={1},
  pages={99--103},
  year={2010},
  organization={IEEE}
}

@article{firoozeh2020keyword,
  title={Keyword extraction: Issues and methods},
  author={Firoozeh, Nazanin and Nazarenko, Adeline and Alizon, Fabrice and Daille, B{\'e}atrice},
  journal={Natural Language Engineering},
  volume={26},
  number={3},
  pages={259--291},
  year={2020},
  publisher={Cambridge University Press}
}

@inproceedings{hussey2012automatic,
  title={Automatic keyphrase extraction: a comparison of methods},
  author={Hussey, Richard and Williams, Shirley and Mitchell, Richard},
  booktitle={Proceedings of the International Conference on Information Processing and Knowledge Management},
  pages={18--23},
  year={2012}
}

@inproceedings{hasan2014automatic,
  title={Automatic keyphrase extraction: A survey of the state of the art},
  author={Hasan, Kazi Saidul and Ng, Vincent},
  booktitle={Proceedings of the 52nd Annual Meeting of the Association for Computational Linguistics (Volume 1: Long Papers)},
  pages={1262--1273},
  year={2014}
}

@inproceedings{finn2004multi,
  title={Multi-level boundary classification for information extraction},
  author={Finn, Aidan and Kushmerick, Nicholas},
  booktitle={European Conference on Machine Learning},
  pages={111--122},
  year={2004},
  organization={Springer}
}

@article{sanyal2017resume,
  title={Resume parser with natural language processing},
  author={Sanyal, Satyaki and Hazra, Souvik and Adhikary, Soumyashree and Ghosh, Neelanjan},
  journal={International Journal of Engineering Science},
  volume={4484},
  year={2017}
}

@article{chen2016information,
  title={Information extraction from resume documents in pdf format},
  author={Chen, Jiaze and Gao, Liangcai and Tang, Zhi},
  journal={Electronic Imaging},
  volume={2016},
  number={17},
  pages={1--8},
  year={2016},
  publisher={Society for Imaging Science and Technology}
}

@article{lokhande2015efficient,
  title={Efficient way of web development using python and flask},
  author={Lokhande, PS and Aslam, Fankar and Hawa, Nabeel and Munir, Jumal and Gulamgaus, Murade},
  year={2015},
  publisher={International Journal of Advanced Research in Computer Science}
}

@article{ghimire2020comparative,
  title={Comparative study on Python web frameworks: Flask and Django},
  author={Ghimire, Devndra},
  year={2020}
}

@misc{ enwiki:1077694767,
    author = "{Wikipedia contributors}",
    title = "Lexical analysis --- {Wikipedia}{,} The Free Encyclopedia",
    year = "2022",
    url = "https://en.wikipedia.org/w/index.php?title=Lexical_analysis&oldid=1077694767",
    note = "[Online; accessed 25-April-2022]"
  }
  
  @misc{ enwiki:1062314320,
    author = "{Wikipedia contributors}",
    title = "Semantic analysis (linguistics) --- {Wikipedia}{,} The Free Encyclopedia",
    year = "2021",
    url = "https://en.wikipedia.org/w/index.php?title=Semantic_analysis_(linguistics)&oldid=1062314320",
    note = "[Online; accessed 25-April-2022]"
  }
  
  @book{manning1999foundations,
  title={Foundations of statistical natural language processing},
  author={Manning, Christopher and Schutze, Hinrich},
  year={1999},
  publisher={MIT press}
}

@misc{smith_2022, 
    title="Syntax Analysis: Compiler Top Down \& Bottom Up Parsing Type"}, howpublished = "\url{https://www.guru99.com/syntax-analysis-parsing-types.html}",
    journal={Guru99}, 
    note = {[Online; accessed 25-April-2022]},
    author={Smith, John}, 
    year={2022}
}

 @misc{ enwiki:1073163208,
    author = "{Wikipedia contributors}",
    title = "Named-entity recognition --- {Wikipedia}{,} The Free Encyclopedia",
    year = "2022",
    url = "https://en.wikipedia.org/w/index.php?title=Named-entity_recognition&oldid=1073163208",
    note = "[Online; accessed 25-April-2022]"
  }
  
  @article{han2011data,
  title={Data Mining: Concepts and Techniques Third Edition [M]},
  author={Han, Jiawei and Kamber, Micheline and Pei, Jian},
  journal={The Morgan Kaufmann Series in Data Management Systems},
  volume={5},
  number={4},
  pages={83--124},
  year={2011}
}

@misc{gupta_2018,
title={Overview of Text Similarity Metrics in Python}, 
howpublished = "\url{https://towardsdatascience.com/overview-of-text-similarity-metrics-3397c4601f50}", 
note = {[Online; accessed 20-August-2022]},
journal={Medium}, 
author={Gupta, Sanket}, 
year={2018}
}

@article{jovanovic2006software,
  title={Software testing methods and techniques},
  author={Jovanovi{\'c}, Irena},
  journal={The IPSI BgD Transactions on Internet Research},
  volume={30},
  year={2006}
}

@inproceedings{jamil2016software,
  title={Software testing techniques: A literature review},
  author={Jamil, Muhammad Abid and Arif, Muhammad and Abubakar, Normi Sham Awang and Ahmad, Akhlaq},
  booktitle={2016 6th international conference on information and communication technology for the Muslim world (ICT4M)},
  pages={177--182},
  year={2016},
  organization={IEEE}
}

 @misc{ enwiki:1030990924,
    author = "{Wikipedia contributors}",
    title = "Black-box testing --- {Wikipedia}{,} The Free Encyclopedia",
    year = "2021",
    url = "https://en.wikipedia.org/w/index.php?title=Black-box_testing&oldid=1030990924",
    note = "[Online; accessed 25-April-2022]"
  }
  
  @incollection{dillon2001evaluation,
  title={The evaluation of software usability},
  author={Dillon, Andrew},
  year={2001},
  publisher={Citeseer}
}

  @misc{ enwiki:1043689877,
    author = "{Wikipedia contributors}",
    title = "Job description --- {Wikipedia}{,} The Free Encyclopedia",
    year = "2021",
    url = "https://en.wikipedia.org/w/index.php?title=Job_description&oldid=1043689877",
    note = "[Online; accessed 6-August-2022]"
  }
  
@article{mayhew2020covid,
  title={COVID-19 and the UK labour market},
  author={Mayhew, Ken and Anand, Paul},
  journal={Oxford Review of Economic Policy},
  volume={36},
  number={Supplement\_1},
  pages={S215--S224},
  year={2020},
  publisher={Oxford University Press UK}
}

@article{yang2019decision,
  title={Decision tree algorithm based university graduate employment trend prediction},
  author={Yang, Fen},
  journal={Informatica},
  volume={43},
  number={4},
  year={2019}
}

@misc{laffey_2022,
 title={CareerSet - Intelligent Career Solutions}, 
 howpublished ="\url{https://careerset.com/}", journal={Careerset},
 author={Laffey, Marie},
 year={2022},
 note = {[Online; accessed 02-August-2022]}
}

@book{barber2006recruitment,
  title={E-recruitment Developments},
  author={Barber, Linda},
  year={2006},
  publisher={Institute for Employment Studies Brighton}
}

@article{mittal2020methodology,
  title={Methodology for resume parsing and job domain prediction},
  author={Mittal, Vrinda and Mehta, Priyanshu and Relan, Devanjali and Gabrani, Goldie},
  journal={Journal of Statistics and Management Systems},
  volume={23},
  number={7},
  pages={1265--1274},
  year={2020},
  publisher={Taylor \& Francis}
}

@inproceedings{amin2019web,
  title={Web application for screening resume},
  author={Amin, Sujit and Jayakar, Nikita and Sunny, Sonia and Babu, Pheba and Kiruthika, M and Gurjar, Ambarish},
  booktitle={2019 International Conference on Nascent Technologies in Engineering (ICNTE)},
  pages={1--7},
  year={2019},
  organization={IEEE}
}

@inproceedings{mohamed2018smart,
  title={Smart talents recruiter-resume ranking and recommendation system},
  author={Mohamed, Ashif and Bagawathinathan, Wickram and Iqbal, Usama and Shamrath, Shahik and Jayakody, Anuradha},
  booktitle={2018 IEEE International Conference on Information and Automation for Sustainability (ICIAfS)},
  pages={1--5},
  year={2018},
  organization={IEEE}
}

@article{zhang2018resumevis,
  title={Resumevis: A visual analytics system to discover semantic information in semi-structured resume data},
  author={Zhang, Chen and Wang, Hao},
  journal={ACM Transactions on Intelligent Systems and Technology (TIST)},
  volume={10},
  number={1},
  pages={1--25},
  year={2018},
  publisher={ACM New York, NY, USA}
}

@article{kudatarkar2015survey,
  title={A Survey on Unstructured Text Analytics Approaches for Qualitative Evaluation of Resumes},
  author={Kudatarkar, Vinaya Ramesh and Ramannavar, Manjula and Sidnal, Dr Nandini S},
  journal={International Journal of Emerging Technology in Computer Science and Electronics (IJETCSE) April},
  year={2015}
}

@inproceedings{maheshwari2010approach,
  title={An approach to extract special skills to improve the performance of resume selection},
  author={Maheshwari, Sumit and Sainani, Abhishek and Reddy, P Krishna},
  booktitle={International Workshop on Databases in Networked Information Systems},
  pages={256--273},
  year={2010},
  organization={Springer}
}

@inproceedings{phan2021ontology,
  title={Ontology-based resume searching system for job applicants in information technology},
  author={Phan, Tung T and Pham, Vinh Q and Nguyen, Hien D and Huynh, Anh T and Tran, Dung A and Pham, Vuong T},
  booktitle={International Conference on Industrial, Engineering and Other Applications of Applied Intelligent Systems},
  pages={261--273},
  year={2021},
  organization={Springer}
}

@inproceedings{ccelik2013towards,
  title={Towards an information extraction system based on ontology to match resumes and jobs},
  author={{\c{C}}elik, Duygu and Karakas, Ask{\`y}n and Bal, G{\"u}lsen and G{\"u}ltunca, Cem and El{\c{c}}i, Atilla and Buluz, Basak and Alevli, Murat Can},
  booktitle={2013 IEEE 37th annual computer software and applications conference workshops},
  pages={333--338},
  year={2013},
  organization={IEEE}
}

@inproceedings{salatino2019cso,
  title={The CSO classifier: Ontology-driven detection of research topics in scholarly articles},
  author={Salatino, Angelo A and Osborne, Francesco and Thanapalasingam, Thiviyan and Motta, Enrico},
  booktitle={International Conference on Theory and Practice of Digital Libraries},
  pages={296--311},
  year={2019},
  organization={Springer}
}

  @misc{ enwiki:1103198106,
    author = "{Wikipedia contributors}",
    title = "Machine learning --- {Wikipedia}{,} The Free Encyclopedia",
    year = "2022",
    url = "https://en.wikipedia.org/w/index.php?title=Machine_learning&oldid=1103198106",
    note = "[Online; accessed 11-August-2022]"
  }
 
 @incollection{koza1996automated,
  title={Automated design of both the topology and sizing of analog electrical circuits using genetic programming},
  author={Koza, John R and Bennett, Forrest H and Andre, David and Keane, Martin A},
  booktitle={Artificial intelligence in design’96},
  pages={151--170},
  year={1996},
  publisher={Springer}
}

@article{hu2020voronoi,
  title={Voronoi-based multi-robot autonomous exploration in unknown environments via deep reinforcement learning},
  author={Hu, Junyan and Niu, Hanlin and Carrasco, Joaquin and Lennox, Barry and Arvin, Farshad},
  journal={IEEE Transactions on Vehicular Technology},
  volume={69},
  number={12},
  pages={14413--14423},
  year={2020},
  publisher={IEEE}
}

@incollection{socher2012deep,
  title={Deep learning for NLP (without magic)},
  author={Socher, Richard and Bengio, Yoshua and Manning, Christopher D},
  booktitle={Tutorial Abstracts of ACL 2012},
  pages={5--5},
  year={2012}
}

@article{tejaswini2021design,
  title={Design and Development of Machine Learning based Resume Ranking System},
  author={Tejaswini, K and Umadevi, V and Kadiwal, Shashank M and Revanna, Sanjay},
  journal={Global Transitions Proceedings},
  year={2021},
  publisher={Elsevier}
}

@inproceedings{riley1989some,
  title={Some applications of tree-based modelling to speech and language},
  author={Riley, Michael},
  booktitle={Speech and Natural Language: Proceedings of a Workshop Held at Cape Cod, Massachusetts, October 15-18, 1989},
  year={1989}
}

@article{reynar1997maximum,
  title={A maximum entropy approach to identifying sentence boundaries},
  author={Reynar, Jeffrey C and Ratnaparkhi, Adwait},
  journal={arXiv preprint cmp-lg/9704002},
  year={1997}
}

@inproceedings{saravanan2018state,
  title={A state of art techniques on machine learning algorithms: a perspective of supervised learning approaches in data classification},
  author={Saravanan, R and Sujatha, Pothula},
  booktitle={2018 Second International Conference on Intelligent Computing and Control Systems (ICICCS)},
  pages={945--949},
  year={2018},
  organization={IEEE}
}

@article{kiss2006unsupervised,
  title={Unsupervised multilingual sentence boundary detection},
  author={Kiss, Tibor and Strunk, Jan},
  journal={Computational linguistics},
  volume={32},
  number={4},
  pages={485--525},
  year={2006},
  publisher={MIT Press One Rogers Street, Cambridge, MA 02142-1209, USA journals-info~…}
}

@article{jurish2013word,
  title={Word and Sentence Tokenization with Hidden Markov Models.},
  author={Jurish, Bryan and W{\"u}rzner, Kay-Michael},
  journal={J. Lang. Technol. Comput. Linguistics},
  volume={28},
  number={2},
  pages={61--83},
  year={2013}
}

@article{jurafsky2000speech,
  title={Speech and language processing an introduction to natural language processing, computational linguistics, and speech. 176 Negation and speculation detection in the medical domain and review texts},
  author={Jurafsky, D and James, H},
  year={2000}
}

@article{khan2016survey,
  title={A survey on the state-of-the-art machine learning models in the context of NLP},
  author={Khan, Wahab and Daud, Ali and Nasir, Jamal A and Amjad, Tehmina},
  journal={Kuwait journal of Science},
  volume={43},
  number={4},
  year={2016}
}

@inproceedings{vamsi2021resume,
  title={Resume Screening Using Machine Learning},
  author={Vamsi Naidu, P and Bommu, Venkata Mahindra Reddy and Pallapothu, Vasavi Durga and Janapamula, Sai Ramesh Naidu and Kommuri, Naga Lakshmi},
  booktitle={International Conference on Image Processing and Capsule Networks},
  pages={745--751},
  year={2021},
  organization={Springer}
}

@article{ali2022resume,
  title={Resume classification system using natural language processing and machine learning techniques},
  author={Ali, Irfan and Mughal, Nimra and Khand, Zahid Hussain and Ahmed, Javed and Mujtaba, Ghulam},
  journal={Mehran University Research Journal Of Engineering \& Technology},
  volume={41},
  number={1},
  pages={65--79},
  year={2022},
  publisher={Mehran University of Engineering \& Technology Jamshoro, Pakistan}
}

@article{deng2014foundations,
  title={Foundations and Trends in Signal Processing: DEEP LEARNING--Methods and Applications},
  author={Deng, Li and Yu, Dong},
  year={2014}
}

@inproceedings{gunaseelan2020automatic,
  title={Automatic Extraction of Segments from Resumes using Machine Learning},
  author={Gunaseelan, B and Mandal, Supriya and Rajagopalan, V},
  booktitle={2020 IEEE 17th India Council International Conference (INDICON)},
  pages={1--6},
  year={2020},
  organization={IEEE}
}

@inproceedings{chifu2017system,
  title={A system for detecting professional skills from resumes written in natural language},
  author={Chifu, Emil St and Chifu, Viorica Rozina and Popa, Iulia and Salomie, Ioan},
  booktitle={2017 13th IEEE international conference on intelligent computer communication and processing (ICCP)},
  pages={189--196},
  year={2017},
  organization={IEEE}
}

@article{chen2018two,
  title={A two-step resume information extraction algorithm},
  author={Chen, Jie and Zhang, Chunxia and Niu, Zhendong},
  journal={Mathematical Problems in Engineering},
  volume={2018},
  year={2018},
  publisher={Hindawi}
}

@inproceedings{ayishathahira2018combination,
  title={Combination of neural networks and conditional random fields for efficient resume parsing},
  author={Ayishathahira, CH and Sreejith, C and Raseek, C},
  booktitle={2018 International CET Conference on Control, Communication, and Computing (IC4)},
  pages={388--393},
  year={2018},
  organization={IEEE}
}

@incollection{kumar2019supervised,
  title={A Supervised Method to Find the Relevance of Extracted Keywords Using Deep Learning Approaches},
  author={Kumar, Rajesh and Agnihotram, Gopichand and Naik, Pandurang and Trivedi, Suyog},
  booktitle={Emerging Technologies in Data Mining and Information Security},
  pages={837--847},
  year={2019},
  publisher={Springer}
}

@inproceedings{jo2017using,
  title={Using K Nearest Neighbors for text segmentation with feature similarity},
  author={Jo, Taeho},
  booktitle={2017 International Conference on Communication, Control, Computing and Electronics Engineering (ICCCCEE)},
  pages={1--5},
  year={2017},
  organization={IEEE}
}

  @misc{ enwiki:1100411098,
    author = "{Wikipedia contributors}",
    title = "Ensemble learning --- {Wikipedia}{,} The Free Encyclopedia",
    year = "2022",
    url = "https://en.wikipedia.org/w/index.php?title=Ensemble_learning&oldid=1100411098",
    note = "[Online; accessed 13-August-2022]"
  }
  
@article{goudjil2018novel,
  title={A novel active learning method using SVM for text classification},
  author={Goudjil, Mohamed and Koudil, Mouloud and Bedda, Mouldi and Ghoggali, Noureddine},
  journal={International Journal of Automation and Computing},
  volume={15},
  number={3},
  pages={290--298},
  year={2018},
  publisher={Springer}
}

@inproceedings{liu2021learning,
  title={Learning Multi-Graph Neural Network for Data-Driven Job Skill Prediction},
  author={Liu, Liting and Zhang, Wenzheng and Liu, Jie and Shi, Wenxuan and Huang, Yalou},
  booktitle={2021 International Joint Conference on Neural Networks (IJCNN)},
  pages={1--8},
  year={2021},
  organization={IEEE}
}

@article{baad2019automatic,
  title={Automatic job skill taxonomy generation for recruitment systems},
  author={Baad, Dipika and others},
  year={2019}
}

@inproceedings{zhou2016quantifying,
  title={Quantifying skill relevance to job titles},
  author={Zhou, Wenjun and Zhu, Yun and Javed, Faizan and Rahman, Mahmudur and Balaji, Janani and McNair, Matt},
  booktitle={2016 IEEE International Conference on Big Data (Big Data)},
  pages={1532--1541},
  year={2016},
  organization={IEEE}
}

@article{dinh2020modern,
  title={Modern front-end web development: how libraries and frameworks transform everything},
  author={Dinh, Duong and Wang, Zhuanyan},
  year={2020}
}

@inproceedings{li2021research,
  title={The Research on Single Page Application Front-end development Based on Vue},
  author={Li, Nian and Zhang, Bo},
  booktitle={Journal of Physics: Conference Series},
  volume={1883},
  number={1},
  pages={012030},
  year={2021},
  organization={IOP Publishing}
}

@incollection{anderson2012model,
  title={The model-view-viewmodel (mvvm) design pattern},
  author={Anderson, Chris},
  booktitle={Pro Business Applications with Silverlight 5},
  pages={461--499},
  year={2012},
  publisher={Springer}
}

@inproceedings{novac2021comparative,
  title={Comparative study of some applications made in the Angular and Vue. js frameworks},
  author={Novac, Ovidiu Constantin and Madar, Damaris Emilia and Novac, Cornelia Mihaela and Bujdos{\'o}, Gy{\"o}ngyi and Oproescu, Mihai and Gal, Teofil},
  booktitle={2021 16th International Conference on Engineering of Modern Electric Systems (EMES)},
  pages={1--4},
  year={2021},
  organization={IEEE}
}

@inproceedings{yogish2018review,
  title={Review on natural language processing trends and techniques using NLTK},
  author={Yogish, Deepa and Manjunath, TN and Hegadi, Ravindra S},
  booktitle={International Conference on Recent Trends in Image Processing and Pattern Recognition},
  pages={589--606},
  year={2018},
  organization={Springer}
}

@article{raulji2016stop,
  title={Stop-word removal algorithm and its implementation for Sanskrit language},
  author={Raulji, Jaideepsinh K and Saini, Jatinderkumar R},
  journal={International Journal of Computer Applications},
  volume={150},
  number={2},
  pages={15--17},
  year={2016},
  publisher={Foundation of Computer Science}
}

@article{kumawat2015pos,
  title={POS tagging approaches: A comparison},
  author={Kumawat, Deepika and Jain, Vinesh},
  journal={International Journal of Computer Applications},
  volume={118},
  number={6},
  year={2015},
  publisher={Citeseer}
}

@article{rathod2015survey,
  title={Survey of various POS tagging techniques for Indian regional languages},
  author={Rathod, Shubhangi and Govilkar, Sharvari},
  journal={Int. J. Comput. Sci. Inf. Technol},
  volume={6},
  number={3},
  pages={2525--2529},
  year={2015},
  publisher={Citeseer}
}

  @misc{ enwiki:1100992412,
    author = "{Wikipedia contributors}",
    title = "Lemmatisation --- {Wikipedia}{,} The Free Encyclopedia",
    year = "2022",
    url = "https://en.wikipedia.org/w/index.php?title=Lemmatisation&oldid=1100992412",
    note = "[Online; accessed 17-August-2022]"
  }
 
@inproceedings{khalid2008impact,
  title={The impact of named entity normalization on information retrieval for question answering},
  author={Khalid, Mahboob Alam and Jijkoun, Valentin and Rijke, Maarten de},
  booktitle={European Conference on Information Retrieval},
  pages={705--710},
  year={2008},
  organization={Springer}
}

@incollection{mohit2014named,
  title={Named entity recognition},
  author={Mohit, Behrang},
  booktitle={Natural language processing of semitic languages},
  pages={221--245},
  year={2014},
  publisher={Springer}
}

@article{neelakantan2015learning,
  title={Learning dictionaries for named entity recognition using minimal supervision},
  author={Neelakantan, Arvind and Collins, Michael},
  journal={arXiv preprint arXiv:1504.06650},
  year={2015}
}

@article{lafferty2001conditional,
  title={Conditional random fields: Probabilistic models for segmenting and labeling sequence data},
  author={Lafferty, John and McCallum, Andrew and Pereira, Fernando CN},
  year={2001}
}

  @misc{ enwiki:1094217869,
    author = "{Wikipedia contributors}",
    title = "SpaCy --- {Wikipedia}{,} The Free Encyclopedia",
    year = "2022",
    url = "https://en.wikipedia.org/w/index.php?title=SpaCy&oldid=1094217869",
    note = "[Online; accessed 18-August-2022]"
  }
 
@misc{honnibal_2022,
    title="{spaCy's NER model}",
    howpublished = "\url{https://spacy.io/universe/project/video-spacys-ner-model}",
    author={Honnibal, Matthew},
    year={2022},
    note = {[Online; accessed 17-August-2022]}
}

@misc{skillner,
    title="{skillNer 1.0.0 documentation}",
    howpublished = "\url{https://skillner-docs.herokuapp.com/}",
    author={Anas AIT AOMAR and Badr MOUFAD},
    year={2021},
    note = {[Online; accessed 20-August-2022]}

}

@misc{url-cite,
   author = "{\LaTeX} Team",
   title="{URL}s in {BibTeX} bibliographies",
   howpublished = "\url{http://www.tex.ac.uk/cgi-bin/texfaq2html?label=citeURL}",
   year = 2012
}

@article{mikolov2013efficient,
  title={Efficient estimation of word representations in vector space},
  author={Mikolov, Tomas and Chen, Kai and Corrado, Greg and Dean, Jeffrey},
  journal={arXiv preprint arXiv:1301.3781},
  year={2013}
}

@inproceedings{macqueen1967classification,
  title={Classification and analysis of multivariate observations},
  author={MacQueen, J},
  booktitle={5th Berkeley Symp. Math. Statist. Probability},
  pages={281--297},
  year={1967}
}

@article{blei2003latent,
  title={Latent dirichlet allocation},
  author={Blei, David M and Ng, Andrew Y and Jordan, Michael I},
  journal={Journal of machine Learning research},
  volume={3},
  number={Jan},
  pages={993--1022},
  year={2003}
}


@misc{ketterer,
  howpublished = "\url{https://johnmketterer.medium.com/automating-the-job-hunt-with-transfer-learning-part-1-289b4548943}",
  author={Ketterer, Johnm},
  note = {[Online; accessed 20-August-2022]},
  year={2020},
  title = "Automating the Job Hunt with Transfer Learning Part 1"

}

@misc{d'souza_2018,
title="Learning POS Tagging \& Chunking in NLP", 
howpublished = "\url{https://medium.com/greyatom/learning-pos-tagging-chunking-in-nlp-85f7f811a8cb}",
journal={Medium},
author={D'Souza, Jocelyn},
year={2018},
note = {[Online; accessed 20-August-2022]}
}

  @misc{ enwiki:1099727359,
    author = "{Wikipedia contributors}",
    title = "Transfer learning --- {Wikipedia}{,} The Free Encyclopedia",
    year = "2022",
    url = "https://en.wikipedia.org/w/index.php?title=Transfer_learning&oldid=1099727359",
    note = "[Online; accessed 21-August-2022]"
  }

@article{zhuang2020comprehensive,
  title={A comprehensive survey on transfer learning},
  author={Zhuang, Fuzhen and Qi, Zhiyuan and Duan, Keyu and Xi, Dongbo and Zhu, Yongchun and Zhu, Hengshu and Xiong, Hui and He, Qing},
  journal={Proceedings of the IEEE},
  volume={109},
  number={1},
  pages={43--76},
  year={2020},
  publisher={IEEE}
}

@misc{ketterer2,
howpublished = "\url{https://johnmketterer.medium.com/automating-the-job-hunt-with-transfer-learning-part-3-a3260e253f11}",
year = {2020},
note = {[Online; accessed 20-August-2022]},
title = "Automating the Job Hunt With Transfer Learning Part 3",
author = {Johnm Ketterer}
}

@article{kannan2014preprocessing,
  title={Preprocessing techniques for text mining},
  author={Kannan, Subbu and Gurusamy, Vairaprakash and Vijayarani, S and Ilamathi, J and Nithya, Ms and Kannan, S and Gurusamy, V},
  journal={International Journal of Computer Science \& Communication Networks},
  volume={5},
  number={1},
  pages={7--16},
  year={2014}
}

@misc{keras,
howpublished = "\url{https://keras.io/about/}",
note = {[Online; accessed 23-August-2022]},
title = "About Keras",
author = {Keras Team}
}

@article{siau2001unified,
  title={Unified modeling language: A complexity analysis},
  author={Siau, Keng and Cao, Qing},
  journal={Journal of Database Management (JDM)},
  volume={12},
  number={1},
  pages={26--34},
  year={2001},
  publisher={IGI Global}
}

@article{fu2020interpretable,
  title={Interpretable multi-dataset evaluation for named entity recognition},
  author={Fu, Jinlan and Liu, Pengfei and Neubig, Graham},
  journal={arXiv preprint arXiv:2011.06854},
  year={2020}
}

@article{huang2015bidirectional,
  title={Bidirectional LSTM-CRF models for sequence tagging},
  author={Huang, Zhiheng and Xu, Wei and Yu, Kai},
  journal={arXiv preprint arXiv:1508.01991},
  year={2015}
}

@inproceedings{smith2021skill,
  title={Skill extraction for domain-specific text retrieval in a job-matching platform},
  author={Smith, Ellery and Weiler, Andreas and Braschler, Martin},
  booktitle={International Conference of the Cross-Language Evaluation Forum for European Languages},
  pages={116--128},
  year={2021},
  organization={Springer}
}